@Manual{quast2016sigmoid,
  title = {sigmoid: Sigmoid Functions for Machine Learning},
  author = {Bastiaan Quast},
  year = {2016},
  note = {R package version 0.3.0},
  url = {https://cran.r-project.org/package=sigmoid},
}
